@book{PNRS2016,
  title        = {Política Nacional de Resíduos Sólidos: Lei nº 12.305, de 2 de agosto de 2010, e legislação correlata},
  edition      = {3},
  year         = {2016},
  address      = {Brasília},
  publisher    = {Câmara dos Deputados, Edições Câmara},
  series       = {Série Legislação, n. 230},
  isbn         = {978-85-402-0496-6},
}

@article{luukkonen2017review,
    title={One-part alkali-activated materials: A review},
    author={Tero Luukknen, Z. Abdollahnejad, Juho Yliniemi},
    journal={Elsevier ScienceDirect Journals},
    year={2017},
    volume={103},
    number={},
    pages={21--34},
    doi={10.1016/j.cemconres.2017.10.001},
}

@article{rajan2020sustainable,
  title={Sustainable development of geopolymer binder using sodium silicate synthesized from agricultural waste},
  author={Hosanna Solomon Rajan, Parthiban Kathirvel},
  journal={Elsevier ScienceDirect Journals},
  year={2020},
  volume={286},
  number={},
  pages={124959--124959},
  doi={10.1016/j.jclepro.2020.124959},
}

@article{awoyera2019critical,
    title={A critical review on application of alkali activated slag as a sustainable composite binder},
    author={Paul O. Awoyera, Adeyemi Adesina},
    journal={Miscellaneous},
    year={2019},
    volume={11},
    pages={e00268--e00268},
    doi={10.1016/j.cscm.2019.e00268},
}

@article{giergiczny2019fly,
  title = {Fly ash and slag},
  journal = {Cement and Concrete Research},
  volume = {124},
  pages = {105826},
  year = {2019},
  issn = {0008-8846},
  doi = {10.1016/j.cemconres.2019.105826},
  author = {Zbigniew Giergiczny},
}

@article{duxson2006geopolymer,
  title={Geopolymer technology: the current state of the art},
  author={Peter Duxson, A. Fernández‐Jiménez, John L. Provis},
  journal={EBSCOhost Academic Search Premier},
  year={2006},
  volume={42},
  number={9},
  pages={2917--2933},
  doi={10.1007/s10853-006-0637-z},
}

@article{weng2004effects,
  title={Effects of aluminates on the formation of geopolymers},
  author={Luqian Weng, Kwesi Sagoe–Crentsil, Trevor Brown, Shenhua Song},
  journal={Elsevier ScienceDirect Journals},
  year={2004},
  volume={117},
  number={2},
  pages={163--168},
  doi={10.1016/j.mseb.2004.11.008},
}

@article{provis2007geopolymerisation,
  title={Geopolymerisation kinetics. 1. In situ energy-dispersive X-ray diffractometry},
  author={John L. Provis, J.S.J. van Deventer},
  journal={Elsevier ScienceDirect Journals},
  year={2007},
  volume={62},
  number={9},
  pages={2309--2317},
  doi={10.1016/j.ces.2007.01.027},
}

@article{mason1952principles,
  title={Principles of Geochemistry},
  author={Brian Mason},
  journal={Miscellaneous},
  year={1952},
  volume={74},
  number={3},
  pages={262},
  doi={10.1097/00010694-195209000-00020}
}

@article{elzeadani2022onepart,
  title = {One part alkali activated materials: A state-of-the-art review},
  author = {Elzeadani, M. and Bompa, D. V. and Elghazouli, A. Y.},
  journal = {Journal of Building Engineering},
  volume = {57},
  pages = {104871},
  year = {2022},
  doi = {10.1016/j.jobe.2022.104871}
}

@article{qin2022onepart,
  title = {One-Part Alkali-Activated Materials: State of the Art and Perspectives},
  author = {Qin, Yongjun and Qu, Changwei and Ma, Cailong and Zhou, Lina},
  journal = {Polymers},
  volume = {14},
  number = {22},
  pages = {5046},
  year = {2022},
  doi = {10.3390/polym14225046}
}

@article{vizcayno2010pozzolan,
  title = {Pozzolan obtained by mechanochemical and thermal treatments of kaolin},
  author = {Vizcayno, C. and de Gutiérrez, R. M. and Castello, R. and Rodriguez, E. and Guerrero, C. E.},
  journal = {Applied Clay Science},
  volume = {49},
  number = {3},
  pages = {405--413},
  year = {2010},
  doi = {10.1016/j.clay.2009.09.008}
}

@article{provis2018alkaliactivated,
  title = {Alkali-activated materials},
  author = {Provis, John L.},
  journal = {Cement and Concrete Research},
  volume = {114},
  pages = {40--48},
  year = {2018},
  doi = {10.1016/j.cemconres.2017.02.009}
}

@article{rakhimova2019metakaolin,
  title = {Reaction products, structure and properties of alkali-activated metakaolin cements incorporated with supplementary materials – a review},
  author = {Rakhimova, Nailia R. and Rakhimov, Ravil Z.},
  journal = {Journal of Materials Research and Technology},
  volume = {8},
  number = {1},
  pages = {1522--1531},
  year = {2019},
  doi = {10.1016/j.jmrt.2018.07.006}
}

@article{rakhimova2022blended,
  title = {Recent advances in blended alkali-activated cements: a review},
  author = {Rakhimova, Nailia R.},
  journal = {European Journal of Environmental and Civil Engineering},
  volume = {26},
  number = {10},
  pages = {4596--4618},
  year = {2022},
  doi = {10.1080/19648189.2020.1858170}
}

@article{ma2022calcium,
  title = {The influence of calcium hydroxide on the performance of MK-based geopolymer},
  author = {Ma, Bing and Luo, Yang and Zhou, Lianzhu and Shao, Zhiyuan and Liang, Ruihuan and Fu, Juan and Wang, Jiaqing and Zang, Jun and Hu, Yueyang and Wang, Luming},
  journal = {Construction and Building Materials},
  volume = {329},
  pages = {127224},
  year = {2022},
  doi = {10.1016/j.conbuildmat.2022.127224}
}

@article{duxson2005microstructure,
  title = {Understanding the relationship between geopolymer composition, microstructure and mechanical properties},
  author = {Duxson, Peter and Provis, John L. and Lukey, Grant C. and Mallicoat, Seth W. and Kriven, Waltraud M. and van Deventer, Jannie S. J.},
  journal = {Colloids and Surfaces A: Physicochemical and Engineering Aspects},
  volume = {269},
  number = {1-3},
  pages = {47--58},
  year = {2005},
  doi = {10.1016/j.colsurfa.2005.06.060}
}

@article{kriven2024perspective,
  title = {Why geopolymers and alkali-activated materials are key components of a sustainable world: A perspective contribution},
  author = {Kriven, Waltraud M. and Leonelli, Cristina and Provis, John L. and Rocca, Aldo R. and Cattini, Cyril and Duncan, Vilma S. and Ferone, Claudio and Rossignol, Sylvie and Lukkonen, Toro and van Deventer, Jannie S. J. and Emilian, José V. and Lombardi, Jérôme E.},
  journal = {Journal of the American Ceramic Society},
  volume = {107},
  number = {8},
  pages = {5589--5608},
  year = {2024},
  doi = {10.1111/jace.19828}
}

@book{provis2009geopolymers,
  title = {Geopolymers: Structure, Processing, Properties and Industrial Applications},
  editor = {Provis, John L. and van Deventer, Jannie S. J.},
  year = {2009},
  publisher = {Woodhead Publishing / CRC Press},
  address = {Cambridge, UK},
  isbn = {9781845694494}
}

@article{davidovits1991geopolymers,
  title = {Geopolymers: Inorganic Polymeric New Materials},
  author = {Davidovits, Joseph},
  journal = {Journal of Thermal Analysis and Calorimetry},
  volume = {37},
  pages = {1633--1656},
  year = {1991},
  doi = {10.1007/BF01912193}
}

@book{pachecotorgal2014handbook,
  title = {Handbook of Alkali-Activated Cements, Mortars and Concretes},
  editor = {Pacheco-Torgal, F. and Labrincha, J.A. and Leonelli, C. and Palomo, A. and Chindaprasirt, P.},
  year = {2014},
  publisher = {Elsevier},
  address = {Oxford, UK},
  isbn = {9781782422884}
}

@article{batista2025mgosio2,
  title = {Improved microstructure and compressive strength of pastes and mortars containing MgO–SiO₂ cement produced by combined calcination of MgCO₃ and kaolin},
  author = {Batista, J.P.B. and Cordeiro, G.C. and Ribeiro, L.F. and Moraes, J.C.B.},
  journal = {Cement and Concrete Composites},
  volume = {157},
  pages = {105959},
  year = {2025},
  doi = {10.1016/j.cemconcomp.2025.105959}
}

@article{temuujin2009calcium,
  title = {Influence of calcium compounds on the mechanical properties of fly ash geopolymer pastes},
  author = {Temuujin, J. and van Riessen, A. and Williams, R.},
  journal = {Journal of Hazardous Materials},
  volume = {167},
  number = {1-3},
  pages = {82--88},
  year = {2009},
  doi = {10.1016/j.jhazmat.2008.12.121}
}

@article{moraes2024scsa,
  title = {Influence of sugar cane straw ash in metakaolin-based geopolymers},
  author = {Moraes, J.C.B. and Moraes, M.J.B. and Batista, J.P.B. and Akasaki, J.L. and Font, A. and Tashima, M.M. and Soriano, L. and Borrachero, M.V. and Payá, J.},
  journal = {Construction and Building Materials},
  volume = {444},
  pages = {137835},
  year = {2024},
  doi = {10.1016/j.conbuildmat.2024.137835}
}

@article{puertas2003fibres,
  title = {Mechanical and durable behaviour of alkaline cement mortars reinforced with polypropylene fibres},
  author = {Puertas, F. and Amat, T. and Fernández-Jiménez, A. and Vázquez, T.},
  journal = {Cement and Concrete Research},
  volume = {33},
  number = {12},
  pages = {2031--2036},
  year = {2003},
  doi = {10.1016/S0008-8846(03)00222-9}
}

@article{heath2014gwp,
  title = {Minimising the global warming potential of clay based geopolymers},
  author = {Heath, Andrew and Paine, Kevin and McManus, Marcelle},
  journal = {Journal of Cleaner Production},
  volume = {78},
  pages = {75--83},
  year = {2014},
  doi = {10.1016/j.jclepro.2014.04.046}
}

@article{refaat2021op-aam,
  title = {Minimizing energy consumption to produce safe one-part alkali-activated materials},
  author = {Refaat, Moataz and Mohsen, Alaa and Nasr, El-Sayed A.R. and Kohail, Mohamed},
  journal = {Journal of Cleaner Production},
  volume = {323},
  pages = {129137},
  year = {2021},
  doi = {10.1016/j.jclepro.2021.129137}
}

@article{Elahi2020,
  title={A review on alkali-activated binders: Materials composition and fresh properties of concrete},
  author={Elahi, Md Manjur A. and Hossain, Md Maruf and Karim, Md Rezaul and Zain, Muhammad Fauzi Mohd and Shearer, Christopher},
  journal={Construction and Building Materials},
  volume={260},
  year={2020},
  pages={119788},
  doi={10.1016/j.conbuildmat.2020.119788}
}

@article{PolSegura2023,
  title={A review: Alkali-activated cement and concrete production technologies available in the industry},
  author={Pol Segura, Isabel and Ranjbar, Navid and Damø, Anne Juul and Jensen, Lars Skaarup and Canut, Mariana and Jensen, Peter Arendt},
  journal={Heliyon},
  volume={9},
  year={2023},
  pages={e15718},
  doi={10.1016/j.heliyon.2023.e15718}
}

@phdthesis{Geraldo2020,
  title={Aglomerante álcali-ativado de parte única: obtenção, composição, propriedades e durabilidade},
  author={Geraldo, Rodrigo Henrique},
  school={Universidade Estadual de Campinas},
  year={2020},
  type={Tese de Doutorado},
  address={Campinas, Brasil},
  note={Orientadora: Profa. Dra. Gladis Camarini},
}

@book{Provis2014,
  title={Alkali Activated Materials: State-of-the-Art Report, RILEM TC 224-AAM},
  editor={Provis, John L. and van Deventer, Jannie S. J.},
  year={2014},
  publisher={Springer},
  series={RILEM State-of-the-Art Reports},
  volume={13},
  doi={10.1007/978-94-007-7672-2},
  isbn={978-94-007-7671-5}
}

@book{PachecoTorgal2015,
  title={Handbook of Alkali-Activated Cements, Mortars and Concretes},
  editor={Pacheco-Torgal, F. and Labrincha, J. A. and Leonelli, C. and Palomo, A. and Chindaprasirt, P.},
  year={2015},
  publisher={Woodhead Publishing, Elsevier},
  isbn={978-1-78242-276-1}
}

@article{Nodehi2021,
  title={Alkali-Activated Materials and Geopolymer: a Review of Common Precursors and Activators Addressing Circular Economy},
  author={Nodehi, Mehrab and Taghvaee, Vahid Mohamad},
  journal={Circular Economy and Sustainability},
  volume={2},
  year={2022},
  pages={165--196},
  doi={10.1007/s43615-021-00029-w}
}

@article{Puertas2009,
  title={Alkali-aggregate behaviour of alkali-activated slag mortars: Effect of aggregate type},
  author={Puertas, F. and Palacios, M. and Gil-Maroto, A. and Vázquez, T.},
  journal={Cement and Concrete Composites},
  volume={31},
  number={5},
  pages={277--284},
  year={2009},
  doi={10.1016/j.cemconcomp.2009.02.008}
}

@article{Yang2013,
  title={Assessment of CO2 reduction of alkali-activated concrete},
  author={Yang, Keun-Hyeok and Song, Jin-Kyu and Song, Keum-Il},
  journal={Journal of Cleaner Production},
  volume={39},
  pages={265--272},
  year={2013},
  doi={10.1016/j.jclepro.2012.08.001}
}

@incollection{Provis2014_LowCa,
  title={Binder Chemistry – Low-Calcium Alkali-Activated Materials},
  author={Provis, John L. and Fernández-Jiménez, Ana and Kamseu, Elie and Leonelli, Cristina and Palomo, Angel},
  booktitle={Alkali Activated Materials: State-of-the-Art Report, RILEM TC 224-AAM},
  publisher={Springer},
  year={2014},
  pages={93--124},
  editor={Provis, John L. and van Deventer, Jannie S. J.},
  doi={10.1007/978-94-007-7672-2_4}
}

@article{Severo2013,
  title={Características, particularidades e princípios científicos dos materiais ativados alcalinamente},
  author={Severo, C. G. S. and Costa, D. L. and Bezerra, I. M. T. and Menezes, R. R. and Neves, G. A.},
  journal={Revista Eletrônica de Materiais e Processos},
  volume={8},
  number={2},
  pages={55--67},
  year={2013},
}

@techreport{IEA2009,
  title = {Cement Technology Roadmap 2009: Carbon Emissions Reductions up to 2050},
  author = {{International Energy Agency (IEA)} and {World Business Council for Sustainable Development (WBCSD)}},
  institution = {International Energy Agency and WBCSD},
  year = {2009},
  address = {Paris, France},
}

@article{Ma2020,
  title = {Clean and low-alkalinity one-part geopolymeric cement: Effects of sodium sulfate on microstructure and properties},
  author = {Ma, Cong and Zhao, Bin and Wang, Luming and Long, Guangcheng and Xie, Youjun},
  journal = {Journal of Cleaner Production},
  volume = {252},
  year = {2020},
  pages = {119279},
  doi = {10.1016/j.jclepro.2019.119279}
}

@article{Shah2020,
  title = {Comparative study on the effect of fiber type and content on the performance of one-part alkali-activated mortar},
  author = {Shah, Syed Farasat Ali and Chen, Bing and Oderji, Sajjad Yousefi and Haque, M. Aminul and Ahmad, Muhammad Riaz},
  journal = {Construction and Building Materials},
  volume = {243},
  year = {2020},
  pages = {118221},
  doi = {10.1016/j.conbuildmat.2020.118221}
}

@article{GarciaLodeiro2011,
  title = {Compatibility studies between N-A-S-H and C-A-S-H gels: Study in the ternary diagram Na2O–CaO–Al2O3–SiO2–H2O},
  author = {Garcia-Lodeiro, I. and Palomo, A. and Fernández-Jiménez, A. and Macphee, D. E.},
  journal = {Cement and Concrete Research},
  volume = {41},
  number = {9},
  pages = {923--931},
  year = {2011},
  doi = {10.1016/j.cemconres.2011.05.006}
}

@article{Choo2016,
  title = {Compressive strength of one-part alkali activated fly ash using red mud as alkali supplier},
  author = {Choo, H. and Lim, S. and Lee, W. and Lee, C.},
  journal = {Construction and Building Materials},
  volume = {125},
  year = {2016},
  pages = {21--28},
  doi = {10.1016/j.conbuildmat.2016.08.015}
}

@mastersthesis{Alcamand2017,
  author = {Alcamand, Himad Ahmed},
  title = {Desenvolvimento e caracterização física, química e mecânica de compósitos álcali-ativados têxteis reforçados com fibras de juta},
  school = {Centro Federal de Educação Tecnológica de Minas Gerais (CEFET-MG)},
  year = {2017},
  address = {Belo Horizonte, Brasil},
  type = {Dissertação de Mestrado}
}

@article{Zhao2023,
  title = {Development of alkali activated cementitious material from sewage sludge ash: Two-part and one-part geopolymer},
  author = {Zhao, Qiuhong and Ma, Chaozheng and Huang, Baoshan and Lu, Xuebin},
  journal = {Journal of Cleaner Production},
  volume = {384},
  year = {2023},
  pages = {135547},
  doi = {10.1016/j.jclepro.2022.135547}
}

@book{Brito2008,
  title = {Developments in Porous, Biological and Geopolymer Ceramics},
  editor = {Brito, Manuel and Case, Eldon and Kriven, Waltraud M.},
  publisher = {Wiley-Interscience / American Ceramic Society},
  year = {2008},
  series = {Ceramic Engineering and Science Proceedings},
  volume = {28},
  address = {Hoboken, NJ},
  isbn = {9780470196403}
}

@article{Scrivener2018,
  title = {Eco-efficient cements: Potential economically viable solutions for a low-CO2 cement-based materials industry},
  author = {Scrivener, Karen L. and John, Vanderley M. and Gartner, Ellis M.},
  journal = {Cement and Concrete Research},
  volume = {114},
  year = {2018},
  pages = {2--26},
  doi = {10.1016/j.cemconres.2018.03.015}
}

@article{Lei2021,
  title = {Effect of calcium hydroxide on the alkali-silica reaction of alkali-activated slag mortars activated by sodium hydroxide},
  author = {Lei, Jiawei and Law, Wei Wee and Yang, En-Hua},
  journal = {Construction and Building Materials},
  volume = {272},
  year = {2021},
  pages = {121868},
  doi = {10.1016/j.conbuildmat.2020.121868}
}

@manual{ABNT_NBR_9479_2006,
  title        = {{ABNT NBR 9479:2006 - Argamassa e concreto — Câmaras úmidas e tanques para cura de corpos-de-prova}},
  organization = {{Associação Brasileira de Normas Técnicas (ABNT)}},
  address      = {Rio de Janeiro, Brasil},
  year         = {2006},
  month        = {maio},
  edition      = {2},
  note         = {Válida a partir de 30 de junho de 2006},
}

@manual{ABNT_NBR_7215_2019,
  title        = {ABNT NBR 7215: Cimento Portland — Determinação da resistência à compressão de corpos de prova cilíndricos},
  organization = {{Associação Brasileira de Normas Técnicas}},
  year         = {2019},
  note         = {Segunda edição. Publicada em 28/02/2019},
  address      = {Rio de Janeiro, Brasil}
}

@manual{ASTM_C305_2006,
  title        = {ASTM C305: Standard Practice for Mechanical Mixing of Hydraulic Cement Pastes and Mortars of Plastic Consistency},
  organization = {{ASTM International}},
  year         = {2006},
  note         = {Designação oficial: ASTM C305-06},
  address      = {West Conshohocken, PA, USA}
}

@article{joseph1991geopolymers,
author = {Davidovits, Joseph},
year = {1991},
month = {08},
pages = {1633-1656},
title = {Geopolymers: Inorganic Polymeric New Materials},
volume = {37},
journal = {Journal of Thermal Analysis and Calorimetry},
doi = {10.1007/BF01912193}
}

@article{bernal2014engineering,
  title={Engineering and durability properties of alkali-activated slag concretes},
  author={Bernal, Susan A and de Guti{\'e}rrez, Rodrigo M and Provis, John L},
  journal={Construction and Building Materials},
  volume={33},
  pages={99--108},
  year={2014},
  publisher={Elsevier},
  doi={10.1016/j.conbuildmat.2012.12.017}
}

@article{ke2021one,
  title={One-part alkali-activated materials: State-of-the-art and perspectives},
  author={Ke, Xiaoyan and Bernal, Susan A and Provis, John L},
  journal={Cement and Concrete Research},
  volume={140},
  pages={106336},
  year={2021},
  publisher={Elsevier},
  doi={10.1016/j.cemconres.2020.106336}
}

@article{provis2014geopolymers,
  title={Geopolymers and related alkali-activated materials},
  author={Provis, John L and Bernal, Susan A},
  journal={Annual Review of Materials Research},
  volume={44},
  pages={299--327},
  year={2014},
  publisher={Annual Reviews},
  doi={10.1146/annurev-matsci-070813-113515}
}

@article{provis2018alkali,
  title={Alkali-activated materials},
  author={Provis, John L},
  journal={Nature Reviews Materials},
  volume={3},
  number={6},
  pages={276--277},
  year={2018},
  publisher={Nature Publishing Group},
  doi={10.1038/s41578-018-0031-9}
}

@techreport{IEA_WBCSD_2009,
  title        = {Cement Technology Roadmap 2009: Carbon Emissions Reductions up to 2050},
  author       = {IEA and WBCSD},
  year         = {2009},
  address      = {Paris, France and Geneva, Switzerland},
}

@article{andrew2018global,
  title={Global CO 2 emissions from cement production},
  author={Andrew, Robbie M},
  journal={Earth System Science Data},
  volume={10},
  number={1},
  pages={195--217},
  year={2018},
  publisher={Copernicus GmbH}
}

@article{muller2008turn,
  title={How to turn around the trend of cement related emissions in the developing world},
  author={M{\"u}ller, Nicolas and Harnisch, Jochen and Mesguen, JP},
  journal={WWF—Lafarge Conservation Partnership: Gland, Switzerland},
  year={2008}
}

@article{scrivener2018eco,
  title={Eco-efficient cements: Potential economically viable solutions for a low-CO2 cement-based materials industry},
  author={Scrivener, Karen L and John, Vanderley M and Gartner, Ellis M},
  journal={Cement and concrete Research},
  volume={114},
  pages={2--26},
  year={2018},
  publisher={Elsevier}
}

@book{united1995world,
  title={World population prospects: The 1994 revision},
  author={{United Nations}},
  number={145},
  year={1995},
  publisher={UN}
}